<?xml version="1.0" encoding="UTF-8"?><collection xmlns="http://www.loc.gov/MARC21/slim"><record><leader>00647nam--2200193-i-4500</leader><controlfield tag="001">000036604</controlfield><controlfield tag="002">20161230</controlfield><controlfield tag="005">20161230201041</controlfield><controlfield tag="008">060222s1000------------r-----000-0-rum-d</controlfield><datafield ind1=" " ind2=" " tag="040"><subfield code="a">IFIN-HH</subfield></datafield><datafield ind1=" " ind2=" " tag="041"><subfield code="a">rum</subfield></datafield><datafield ind1=" " ind2=" " tag="080"><subfield code="a">539.4</subfield></datafield><datafield ind1="1" ind2=" " tag="100"><subfield code="a">Ponomariov,S.D</subfield></datafield><datafield ind1="1" ind2="0" tag="245"><subfield code="a">Calculul de rezistenta in constructia de masini</subfield><subfield code="b">Vol. i principii teoretice si metode experimentale traducere din limba rusa</subfield><subfield code="c">S.d. ponomariov, v.l. biderman, c.k. liharev, v.m. makusin, n.n. malinin, v.i. ferodosiev</subfield></datafield><datafield ind1=" " ind2=" " tag="260"><subfield code="a">Bucuresti</subfield><subfield code="b">Editura Tehnica</subfield><subfield code="c">1960</subfield></datafield><datafield ind1=" " ind2=" " tag="300"><subfield code="a">1074P</subfield></datafield><datafield ind1="1" ind2=" " tag="700"><subfield code="a">Ferodosiev, V.I</subfield></datafield><datafield ind1=" " ind2=" " tag="852"><subfield code="a">6984</subfield><subfield code="c">539.4</subfield></datafield><datafield ind1=" " ind2=" " tag="CAT"><subfield code="a">Sys</subfield><subfield code="c">20130128</subfield><subfield code="h">151647</subfield></datafield></record></collection>